@inproceedings{groba2008soa,
  title        = {A service-oriented approach for increasing flexibility in manufacturing},
  author       = {Groba, Christin and Braun, Iris and Springer, Thomas and Wollschlaeger, Martin},
  booktitle    = {2008 IEEE International Workshop on Factory Communication Systems},
  pages        = {415--422},
  year         = {2008},
  organization = {IEEE}
}
@book{jensen1997petrinet,
  author  = {Jensen, Kurt},
  title   = {Coloured Petri nets - Basic Concepts, Analysis Methods and Practical Use},
  journal = {EATCS Monographs on Theoretical Computer Science. Springer-Verlag},
  volume  = {3},
  year    = {1997}
}

@article{levitt1965lifecycle,
  author  = {Levitt, Theodore},
  title   = {Exploit the product life cycle},
  journal = {Harvard business review},
  volume  = {43},
  pages   = {81--94},
  year    = {1965}
}

@phdthesis{pisching2018arquitetura,
  author = {Pisching, Marcos André},
  title  = {Arquitetura para descoberta de equipamentos em processos de manufatura com foco na indústria 4.0.},
  school = {Universidade de São Paulo},
  year   = {2018}
}

@mastersthesis{souit2013soa,
  author = {Souit, Samira},
  title  = {Orquestração de sistemas produtivos dispersos},
  school = {Universidade de São Paulo},
  year   = {2013}
}

@misc{wahlster2013industrie,
  author    = {Wahlster, Wolfgang},
  title     = {Industrie 4.0: Active Semantic Product Memories for Smart Factories},
  year      = {2013},
  publisher = {IDA 30th Year Celebration Seminar Link{\"o}ping}
}
